@inproceedings{ferrari2011efficient,
  title={Efficient network flooding and time synchronization with Glossy},
  author={Ferrari, Federico and Zimmerling, Marco and Thiele, Lothar and Saukh, Olga},
  booktitle={Information Processing in Sensor Networks (IPSN), 2011 10th International Conference on},
  pages={73--84},
  year={2011},
  organization={IEEE}
}
@inproceedings{doddavenkatappa2014p,
  title={P 3: a practical packet pipeline using synchronous transmissions for wireless sensor networks},
  author={Doddavenkatappa, Manjunath and Chan, Mun Choon},
  booktitle={Proceedings of the 13th international symposium on Information processing in sensor networks},
  pages={203--214},
  year={2014},
  organization={IEEE Press}
}
@inproceedings{doddavenkatappa2013splash,
  title={Splash: Fast data dissemination with constructive interference in wireless sensor networks},
  author={Doddavenkatappa, Manjunath and Chan, Mun Choon and Leong, Ben},
  booktitle={NSDI: Proc. of the USENIX Symposium on Networked Systems Design and Implementation},
  year={2013}
}
@incollection{yuan2014making,
  title={Making ‘Glossy’Networks Sparkle: Exploiting Concurrent Transmissions for Energy Efficient, Reliable, Ultra-Low Latency Communication in Wireless Control Networks},
  author={Yuan, Dingwen and Riecker, Michael and Hollick, Matthias},
  booktitle={Wireless Sensor Networks},
  pages={133--149},
  year={2014},
  publisher={Springer}
}
@inproceedings{wu2008realistic,
  title={Realistic and efficient multi-channel communications in wireless sensor networks},
  author={Wu, Yafeng and Stankovic, John A and He, Tian and Lin, Shan},
  booktitle={INFOCOM 2008. The 27th Conference on Computer Communications. IEEE},
  year={2008},
  organization={IEEE}
}
@inproceedings{gnawali2009collection,
  title={Collection tree protocol},
  author={Gnawali, Omprakash and Fonseca, Rodrigo and Jamieson, Kyle and Moss, David and Levis, Philip},
  booktitle={Proceedings of the 7th ACM Conference on Embedded Networked Sensor Systems},
  pages={1--14},
  year={2009},
  organization={ACM}
}
@article{winter2012rpl,
  title={RPL: IPv6 routing protocol for low-power and lossy networks},
  author={Winter, Tim},
  year={2012}
}
@inproceedings{srinivasan2006and,
  title={and Philip Levis,“RSSI is Under Appreciated”},
  author={Srinivasan, Kannan},
  booktitle={Proceedings of the Third Workshop on Embedded Networked Sensors (EmNets 2006)}
}
@inproceedings{duquennoy2013let,
  title={Let the tree Bloom: scalable opportunistic routing with ORPL},
  author={Duquennoy, Simon and Landsiedel, Olaf and Voigt, Thiemo},
  booktitle={Proceedings of the 11th ACM Conference on Embedded Networked Sensor Systems},
  pages={2},
  year={2013},
  organization={ACM}
}
@inproceedings{ferrari2012low,
  title={Low-power wireless bus},
  author={Ferrari, Federico and Zimmerling, Marco and Mottola, Luca and Thiele, Lothar},
  booktitle={Proceedings of the 10th ACM Conference on Embedded Network Sensor Systems},
  pages={1--14},
  year={2012},
  organization={ACM}
}
@inproceedings{landsiedel2013chaos,
  title={Chaos: versatile and efficient all-to-all data sharing and in-network processing at scale},
  author={Landsiedel, Olaf and Ferrari, Federico and Zimmerling, Marco},
  booktitle={Proceedings of the 11th ACM Conference on Embedded Networked Sensor Systems},
  pages={1},
  year={2013},
  organization={ACM}
}
@inproceedings{carlson2013forwarder,
  title={Forwarder selection in multi-transmitter networks},
  author={Carlson, Doug and Chang, Marcus and Terzis, Andreas and Chen, Yin and Gnawali, Omprakash},
  booktitle={Distributed Computing in Sensor Systems (DCOSS), 2013 IEEE International Conference on},
  pages={1--10},
  year={2013},
  organization={IEEE}
}
@inproceedings{song2008wirelesshart,
  title={WirelessHART: Applying wireless technology in real-time industrial process control},
  author={Song, Jianping and Han, Song and Mok, Aloysius K and Chen, Deji and Lucas, Mike and Nixon, Mark},
  booktitle={Real-Time and Embedded Technology and Applications Symposium, 2008. RTAS'08. IEEE},
  pages={377--386},
  year={2008},
  organization={IEEE}
}
@article{jeonglow,
  title={Low-Power and Topology-Free Data Transfer Protocol with Synchronous Packet Transmissions},
  author={Jeong, Jongsoo and Park, Jongjun and Jeong, Hoon and Jun, JongArm and Liang, Chieh-Jan Mike and Ko, JeongGil}
}

@inproceedings{liang2008koala,
  title={Koala: Ultra-low power data retrieval in wireless sensor networks},
  author={Liang, Chieh-Jan Mike and Terzis, Andreas and others},
  booktitle={Proceedings of the 7th international conference on Information processing in sensor networks},
  pages={421--432},
  year={2008},
  organization={IEEE Computer Society}
}
@inproceedings{ceriotti2011there,
  title={Is there light at the ends of the tunnel? Wireless sensor networks for adaptive lighting in road tunnels},
  author={Ceriotti, Matteo and Corr{\`a}, Michele and D'Orazio, Leandro and Doriguzzi, Roberto and Facchin, Daniele and Guna, ST and Jesi, Gian Paolo and Lo Cigno, R and Mottola, Luca and Murphy, Amy L and others},
  booktitle={Information Processing in Sensor Networks (IPSN), 2011 10th International Conference on},
  pages={187--198},
  year={2011},
  organization={IEEE}
}
@article{o2013ginseng,
  title={The GINSENG system for wireless monitoring and control: Design and deployment experiences},
  author={O'donovan, Tony and Brown, James and B{\"u}sching, Felix and Cardoso, Alberto and Cec{\'\i}lio, Jos{\'e} and Furtado, Pedro and Gil, Paulo and Jugel, Anja and P{\"o}ttner, Wolf-Bastian and Roedig, Utz and others},
  journal={ACM Transactions on Sensor Networks (TOSN)},
  volume={10},
  number={1},
  pages={4},
  year={2013},
  publisher={ACM}
}
@inproceedings{ortiz2007beacon,
  title={Beacon location service: a location service for point-to-point routing in wireless sensor networks},
  author={Ortiz, Jorge and Baker, Chris R and Moon, Daekyeong and Fonseca, Rodrigo and Stoica, Ion},
  booktitle={Proceedings of the 6th international conference on Information processing in sensor networks},
  pages={166--175},
  year={2007},
  organization={ACM}
}
@article{wang2013exploiting,
  title={Exploiting constructive interference for scalable flooding in wireless networks},
  author={Wang, Yin and He, Yuan and Mao, Xufei and Liu, Yunhao and Li, Xiang-Yang},
  journal={IEEE/ACM Transactions on Networking (TON)},
  volume={21},
  number={6},
  pages={1880--1889},
  year={2013},
  publisher={IEEE Press}
}
@incollection{suriyachai2010time,
  title={Time-critical data delivery in wireless sensor networks},
  author={Suriyachai, Petcharat and Brown, James and Roedig, Utz},
  booktitle={Distributed Computing in Sensor Systems},
  pages={216--229},
  year={2010},
  publisher={Springer}
}
@inproceedings{raman2010pip,
  title={PIP: A connection-oriented, multi-hop, multi-channel TDMA-based MAC for high throughput bulk transfer},
  author={Raman, Bhaskaran and Chebrolu, Kameswari and Bijwe, Sagar and Gabale, Vijay},
  booktitle={Proceedings of the 8th ACM Conference on Embedded Networked Sensor Systems},
  pages={15--28},
  year={2010},
  organization={ACM}
}
@inproceedings{selavo2007luster,
  title={Luster: wireless sensor network for environmental research},
  author={Selavo, Leo and Wood, Anthony and Cao, Qing and Sookoor, Tamim and Liu, Hengchang and Srinivasan, Aravind and Wu, Yafeng and Kang, Woochul and Stankovic, John and Young, Don and others},
  booktitle={Proceedings of the 5th international conference on Embedded networked sensor systems},
  pages={103--116},
  year={2007},
  organization={ACM}
}

@inproceedings{shnayder2005sensor,
  title={Sensor networks for medical care},
  author={Shnayder, Victor and Chen, Bor-rong and Lorincz, Konrad and Jones, Thaddeus RF Fulford and Welsh, Matt},
  booktitle={SenSys},
  volume={5},
  pages={314--314},
  year={2005}
}

@inproceedings{handziski2006twist,
  title={TWIST: a scalable and reconfigurable testbed for wireless indoor experiments with sensor networks},
  author={Handziski, Vlado and K{\"o}pke, Andreas and Willig, Andreas and Wolisz, Adam},
  booktitle={Proceedings of the 2nd international workshop on Multi-hop ad hoc networks: from theory to reality},
  pages={63--70},
  year={2006},
  organization={ACM}
}

@incollection{doddavenkatappa2012indriya,
  title={Indriya: A low-cost, 3D wireless sensor network testbed},
  author={Doddavenkatappa, Manjunath and Chan, Mun Choon and Ananda, Akkihebbal L},
  booktitle={Testbeds and Research Infrastructure. Development of Networks and Communities},
  pages={302--316},
  year={2012},
  publisher={Springer}
}

@techreport{dunkels2006contiki,
  title={The Contiki Operating System. Web page},
  author={Dunkels, A},
  year={2006},
  institution={Visited 2005-03-18. URL: http://www. sics. se/adam/contiki}
}

@inproceedings{hackmann2008holistic,
  title={A holistic approach to decentralized structural damage localization using wireless sensor networks},
  author={Hackmann, Gregory and Sun, Fei and Castaneda, Nestor and Lu, Chenyang and Dyke, Shirley},
  booktitle={Real-Time Systems Symposium, 2008},
  pages={35--46},
  year={2008},
  organization={IEEE}
}

@inproceedings{kim2007flush,
  title={Flush: a reliable bulk transport protocol for multihop wireless networks},
  author={Kim, Sukun and Fonseca, Rodrigo and Dutta, Prabal and Tavakoli, Arsalan and Culler, David and Levis, Philip and Shenker, Scott and Stoica, Ion},
  booktitle={Proceedings of the 5th international conference on Embedded networked sensor systems},
  pages={351--365},
  year={2007},
  organization={ACM}
}

@misc{instruments2007cc2420,
  title={CC2420 datasheet},
  author={Instruments, Texas},
  year={2007}
}

@article{instruments2009msp430f1611,
  title={MSP430F1611},
  author={Instruments, Texas},
  journal={Revised Datasheet, May},
  year={2009}
}

@article{ergen2004zigbee,
  title={ZigBee/IEEE 802.15. 4 Summary},
  author={Ergen, Sinem Coleri},
  journal={UC Berkeley, September},
  volume={10},
  year={2004}
}

@inproceedings{maroti2004flooding,
  title={The flooding time synchronization protocol},
  author={Mar{\'o}ti, Mikl{\'o}s and Kusy, Branislav and Simon, Gyula and L{\'e}deczi, {\'A}kos},
  booktitle={Proceedings of the 2nd international conference on Embedded networked sensor systems},
  pages={39--49},
  year={2004},
  organization={ACM}
}

@inproceedings{lenzen2009optimal,
  title={Optimal clock synchronization in networks},
  author={Lenzen, Christoph and Sommer, Philipp and Wattenhofer, Roger},
  booktitle={Proceedings of the 7th ACM Conference on Embedded Networked Sensor Systems},
  pages={225--238},
  year={2009},
  organization={ACM}
}

@misc{zigbee2006ieee802,
  title={IEEE802. 15. 4 Transceiver AT86RF230 Datasheet},
  author={ZigBee, Atmel},
  year={2006}
}

@book{lu2009flash,
  title={Flash flooding: Exploiting the capture effect for rapid flooding in wireless sensor networks},
  author={Lu, Jiakang and Whitehouse, Kamin},
  year={2009},
  publisher={IEEE}
}

@article{leentvaar1976capture,
  title={The capture effect in FM receivers},
  author={Leentvaar, KRIJN and Flint, Jan},
  journal={Communications, IEEE Transactions on},
  volume={24},
  number={5},
  pages={531--539},
  year={1976},
  publisher={IEEE}
}

@article{sirkeci2006asymptotic,
  title={Asymptotic analysis of multistage cooperative broadcast in wireless networks},
  author={Sirkeci-Mergen, Birsen and Scaglione, Anna and Mergen, G{\"o}khan},
  journal={Information Theory, IEEE Transactions on},
  volume={52},
  number={6},
  pages={2531--2550},
  year={2006},
  publisher={IEEE}
}

@inproceedings{zhu2010exploring,
  title={Exploring Link Correlation for Efficient Flooding in Wireless Sensor Networks.},
  author={Zhu, Ting and Zhong, Ziguo and He, Tian and Zhang, Zhi-Li},
  booktitle={NSDI},
  pages={49--64},
  year={2010}
}

@inproceedings{werner2005motelab,
  title={Motelab: A wireless sensor network testbed},
  author={Werner-Allen, Geoffrey and Swieskowski, Patrick and Welsh, Matt},
  booktitle={Proceedings of the 4th international symposium on Information processing in sensor networks},
  pages={68},
  year={2005},
  organization={IEEE Press}
}


